<?xml version="1.0" encoding="UTF-8"?><collection xmlns="http://www.loc.gov/MARC21/slim"><record><leader>00521nam--2200193-i-4500</leader><controlfield tag="001">000015194</controlfield><controlfield tag="002">20161230</controlfield><controlfield tag="005">20170224002810</controlfield><controlfield tag="008">060222s1000------------r-----000-0-ger-d</controlfield><datafield ind1=" " ind2=" " tag="040"><subfield code="a">IFIN-HH</subfield></datafield><datafield ind1=" " ind2=" " tag="041"><subfield code="a">ger</subfield></datafield><datafield ind1=" " ind2=" " tag="080"><subfield code="a">537</subfield></datafield><datafield ind1="1" ind2=" " tag="100"><subfield code="a">Bergmann, L</subfield></datafield><datafield ind1="1" ind2="0" tag="245"><subfield code="a">Lehrbuch der experimentalphysik</subfield><subfield code="b">Band II: Elektrizitatslehre</subfield><subfield code="c">L. Bergmann, Cl. Schaefer</subfield></datafield><datafield ind1=" " ind2=" " tag="260"><subfield code="a">Berlin</subfield><subfield code="b">Walter De Gruyter And Co</subfield><subfield code="c">1965</subfield></datafield><datafield ind1=" " ind2=" " tag="300"><subfield code="a">532 p</subfield></datafield><datafield ind1="1" ind2=" " tag="700"><subfield code="a">Schaefer, Clemens</subfield></datafield><datafield ind1=" " ind2=" " tag="852"><subfield code="a">11891</subfield><subfield code="c">531</subfield></datafield><datafield ind1=" " ind2=" " tag="CAT"><subfield code="a">SYS</subfield><subfield code="c">20170224</subfield><subfield code="h">002810</subfield></datafield></record></collection>